@inproceedings{Hogwild2011,
 author = {Niu, Feng and Recht, Benjamin and Re, Christopher and Wright, Stephen J.},
 title = {{HOGWILD!: A Lock-free Approach to Parallelizing Stochastic Gradient Descent}},
 booktitle = {Proceedings of the 24th International Conference on Neural Information Processing Systems},
 series = {NIPS'11},
 year = {2011},
 isbn = {978-1-61839-599-3},
 location = {Granada, Spain},
 pages = {693--701},
 numpages = {9},
 url = {http://dl.acm.org/citation.cfm?id=2986459.2986537},
 acmid = {2986537},
 publisher = {Curran Associates Inc.},
 address = {USA},
}

@inproceedings{EA2015,
 author = {Zhang, Sixin and Choromanska, Anna and LeCun, Yann},
 title = {{Deep Learning with Elastic Averaging SGD}},
 booktitle = {Proceedings of the 28th International Conference on Neural Information Processing Systems - Volume 1},
 series = {NIPS'15},
 year = {2015},
 location = {Montreal, Canada},
 pages = {685--693},
 numpages = {9},
 url = {http://dl.acm.org/citation.cfm?id=2969239.2969316},
 acmid = {2969316},
 publisher = {MIT Press},
 address = {Cambridge, MA, USA},
} 


